<record><leader>00000cas a22000007a 4500</leader><controlfield tag="001">30988732</controlfield><controlfield tag="008">940822d19671967ctuwr ne      0    0eng d</controlfield><datafield ind1=" " ind2=" " tag="010"><subfield code="a">sn 94053182 </subfield></datafield><datafield ind1=" " ind2=" " tag="040"><subfield code="a">CNW</subfield><subfield code="b">eng</subfield><subfield code="c">CNW</subfield><subfield code="d">OCLCQ</subfield><subfield code="d">OCLCF</subfield><subfield code="d">OCLCO</subfield></datafield><datafield ind1="1" ind2=" " tag="029"><subfield code="a">AU@</subfield><subfield code="b">000025874546</subfield></datafield><datafield ind1=" " ind2=" " tag="042"><subfield code="a">msc</subfield></datafield><datafield ind1=" " ind2=" " tag="043"><subfield code="a">n-us-ct</subfield></datafield><datafield ind1="0" ind2="0" tag="245"><subfield code="a">Danbury advertiser.</subfield></datafield><datafield ind1=" " ind2=" " tag="260"><subfield code="a">Danbury, Conn. :</subfield><subfield code="b">Steven Shiffman</subfield></datafield><datafield ind1=" " ind2=" " tag="300"><subfield code="a">v.</subfield></datafield><datafield ind1=" " ind2=" " tag="310"><subfield code="a">Weekly</subfield></datafield><datafield ind1="0" ind2=" " tag="362"><subfield code="a">Vol. 1, no. 1 (Feb. 8, 1967).</subfield></datafield><datafield ind1=" " ind2=" " tag="580"><subfield code="a">Issue for Feb. 8, 1967 refers to "former Danbury shopper."</subfield></datafield><datafield ind1=" " ind2="0" tag="651"><subfield code="a">Danbury (Conn.)</subfield><subfield code="v">Newspapers.</subfield></datafield><datafield ind1=" " ind2="7" tag="655"><subfield code="a">Newspapers.</subfield><subfield code="2">fast</subfield><subfield code="0">(OCoLC)fst01423814</subfield></datafield><datafield ind1=" " ind2="7" tag="651"><subfield code="a">Connecticut</subfield><subfield code="z">Danbury.</subfield><subfield code="2">fast</subfield><subfield code="0">(OCoLC)fst01208883</subfield></datafield><datafield ind1=" " ind2=" " tag="752"><subfield code="a">United States</subfield><subfield code="b">Connecticut</subfield><subfield code="c">Fairfield</subfield><subfield code="d">Danbury.</subfield></datafield><datafield ind1="0" ind2="0" tag="785"><subfield code="t">Advertiser (Danbury, Conn.)</subfield><subfield code="w">(DLC)sn 94053179</subfield></datafield><datafield ind1="1" ind2=" " tag="787"><subfield code="t">Danbury shopper</subfield></datafield></record>